% For examples of BibLaTeX entries, see:
% https://ctan.net/macros/latex/contrib/biblatex/doc/examples/biblatex-examples.bib
%
% For a quick reference, see e.g. here:
% https://www.overleaf.com/learn/latex/Articles/Getting_started_with_BibLaTeX
%
% For supported entry types and entry fields, see e.g. here:
% https://www.overleaf.com/learn/latex/Bibliography_management_with_biblatex#Reference_guide

@article{IPCC23,
  author={International Panel on Climate Change (IPCC)},
  title={Summary for Policymakers},
  journaltitle={Climate Change 2023: Synthesis Report. Contribution of
                  Working Groups I, II and III to the Sixth Assessment
                  Report of the Intergovernmental Panel on Climate
                  Change.},
  date=2023,
  editor={Core Writing Team and Lee, H. and Romero, J.},
  location={Geneva, Switzerland},
  landid={english},
  url={https://www.ipcc.ch/report/ar6/syr/downloads/report/IPCC_AR6_SYR_SPM.pdf},
  urldate={2023-09-23},
  doi={10.59327/IPCC/AR6-9789291691647.001},
}

@report{Maeder08,
  author={Mäder, Claudia},
  title={Kipp-Punkte im Klimasystem},
  subtitle={Welche Gefahren drohen?},
  landid={german},
  type={resreport},
  institution={Umweltbundesamt},
  year=2008,
  month=Jul,
  url={https://www.umweltbundesamt.de/sites/default/files/medien/publikation/long/3283.pdf},
  urldate={2023-09-23},
}

@online{Reuter20,
  author={Reuter, Jürgen},
  title={{Kipppunkte}},
  date={2020-09-25},
  landid={german},
  url={https://soundpaint.github.io/tipping-points/de/},
  address={Karlsruhe, Germany},
  urldate={2020-09-25},
}

@online{Wikipedia20a,
  author={Wikimedia Foundation},
  title={{Hysterese}},
  year=2020,
  landid={german},
  url={https://de.wikipedia.org/wiki/Hysterese},
  urldate={2020-09-25},
}

%  Local Variables:
%    coding:utf-8
%    mode:BibTeX
%  End:
