@report{Maeder08,
  author={Mäder, Claudia},
  title={Kipp-Punkte im Klimasystem},
  subtitle={Welche Gefahren drohen?},
  landid={german},
  type={resreport},
  institution={Umweltbundesamt},
  year=2008,
  month=Jul,
  url={https://www.umweltbundesamt.de/sites/default/files/medien/publikation/long/3283.pdf},
  urldate={2023-09-23},
}

@online{Reuter20,
  author={Reuter, Jürgen},
  title={{Kipppunkte}},
  date={2020-09-25},
  landid={german},
  url={https://soundpaint.github.io/tipping-points/de/},
  address={Karlsruhe, Germany},
  urldate={2020-09-25},
}

@online{Wikipedia20a,
  author={Wikimedia Foundation},
  title={{Hysterese}},
  year=2020,
  landid={german},
  url={https://de.wikipedia.org/wiki/Hysterese},
  urldate={2020-09-25},
}

%  Local Variables:
%    coding:utf-8
%    mode:BibTeX
%  End:
