@misc{Reuter20,
  author={Reuter, JÃ¼rgen},
  title={{Kipppunkte}},
  year=2020,
  month=sep,
  date=25,
  howpublished="\url{https://soundpaint.github.io/tipping-points/de/}",
  address={Karlsruhe, Germany},
  urldate={2020-09-25}
}

@misc{Wikipedia20a,
  author={Wikimedia Foundation},
  title={{Hysterese}},
  year=2020,
  howpublished="\url{https://de.wikipedia.org/wiki/Hysterese}",
  urldate={2020-09-25}
}

%  Local Variables:
%    coding:utf-8
%    mode:BibTeX
%  End:
